@inproceedings{the_web_graph_overview,
  TITLE = {{The Web Graph: an Overview}},
  AUTHOR = {Guillaume, Jean-Loup and Latapy, Matthieu},
  URL = {https://hal.archives-ouvertes.fr/hal-00016817},
  BOOKTITLE = {{Actes d'ALGOTEL'02 (Quatri{\`e}mes Rencontres Francophones sur les aspects Algorithmiques des T{\'e}l{\'e}communications)}},
  ADDRESS = {M{\`e}ze, France},
  YEAR = {2002},
  KEYWORDS = {Web graph ; World Wide Web ; Internet ; Random graphs ; Dynamic graphs},
  PDF = {https://hal.archives-ouvertes.fr/hal-00016817/file/webgraph.pdf},
  HAL_ID = {hal-00016817},
  HAL_VERSION = {v1},
  note = {[cit. 2019-08-16]}
}


@misc{hugeWebGraphFireworks,
  title = "Web graph ny Criteo",
  howpublished = {\url https://labs.criteo.com/wp-content/uploads/2014/05/graphe_web-2.png?w=640}},
  note = {[cit. 2019-08-16]}
}

@ARTICLE{communitiesOverview,
       author = {{Fortunato}, Santo},
        title = "{Community detection in graphs}",
      journal = {Physics Reports},
     keywords = {Physics - Physics and Society, Condensed Matter - Statistical Mechanics, Computer Science - Information Retrieval, Physics - Biological Physics, Physics - Computational Physics, Quantitative Biology - Quantitative Methods},
         year = "2010",
        month = "Feb",
       volume = {486},
       number = {3-5},
        pages = {4-8},
          doi = {10.1016/j.physrep.2009.11.002},
archivePrefix = {arXiv},
       eprint = {0906.0612},
 primaryClass = {physics.soc-ph},
       adsurl = {https://ui.adsabs.harvard.edu/abs/2010PhR...486...75F},
      adsnote = {Provided by the SAO/NASA Astrophysics Data System}
}

@article {modularityOverview,
	author = {Newman, M. E. J.},
	title = {Modularity and community structure in networks},
	volume = {103},
	number = {23},
	pages = {8577--8582},
	year = {2006},
	doi = {10.1073/pnas.0601602103},
	publisher = {National Academy of Sciences},
	issn = {0027-8424},
	URL = {https://www.pnas.org/content/103/23/8577},
	eprint = {https://www.pnas.org/content/103/23/8577.full.pdf},
	journal = {Proceedings of the National Academy of Sciences}
}


@inproceedings{modularityDefinition,
 author = {Li, Wenye and Schuurmans, Dale},
 title = {Modular Community Detection in Networks},
 booktitle = {Proceedings of the Twenty-Second International Joint Conference on Artificial Intelligence - Volume Volume Two},
 series = {IJCAI'11},
 year = {2011},
 isbn = {978-1-57735-514-4},
 location = {Barcelona, Catalonia, Spain},
 pages = {1366--1371},
 numpages = {6},
 url = {http://dx.doi.org/10.5591/978-1-57735-516-8/IJCAI11-231},
 doi = {10.5591/978-1-57735-516-8/IJCAI11-231},
 acmid = {2283624},
 publisher = {AAAI Press},
} 



@inproceedings{leidenAlgorithm,
  title={From Louvain to Leiden: guaranteeing well-connected communities},
  author={Vincent A. Traag and Ludo Waltman and Nees Jan van Eck},
  booktitle={Scientific Reports},
  year={2018}
}